@inproceedings{jacobson09conext,
    title = {Networking named content},
    booktitle = {ACM {CoNEXT}},
    author = {Jacobson, Van and Smetters, Diana K. and Thornton, James D. and Plass, Michael F. and Briggs, Nicholas H. and Braynard, Rebecca L.},
    year = {2009},
    pages = {1–12},
}

@inproceedings{chiocchetti13icc,
    author = {Chiocchetti, R. and Rossi, D. and Rossini, G. },
    title = {{ccnSim}: an Highly Scalable CCN Simulator},
    booktitle = { IEEE ICC},
    year = {2013},
}

@online{omnetpp,
    howpublished = {http://www.omnetpp.org}
}

@online{boost,
    title="Boost  homepage",
    howpublished="\url{http://www.boost.org/}",
}


@article{laoutaris06peva,
    author = {Laoutaris, N and Che, H and Stavrakakis, I},
    journal = {Performance Evaluation},
    number = {7},
    title = {{The LCD interconnection of LRU caches and its analysis}},
    volume = {63},
    year = {2006}
}

@inproceedings {tortelli-itc:16,
  author = {M. Tortelli and D. Rossi and E. Leonardi},
  title = {{ModelGraft: Accurate, Scalable, and Flexible Performance Evaluation of General Cache Networks}},
  booktitle = {{Proc. of International Teletraffic Congress (ITC)}},
  month = {Sep.},
  year = {2016},
  address = {W\"{u}rzburg, Germany}
}



@inproceedings{psaras12icn,
    author = {Psaras, I. and Chai, W. K. and Pavlou, G.},
    title = {Probabilistic in-network caching for information-centric networks},
    booktitle = {ACM ICN},
    year = {2012},
}  

@inproceedings{araldo14icn,
    author = {Araldo, A. and Rossi, D. and Martignon, F.},
    title = {Design and Evaluation of Cost-aware Information Centric Routers},
    booktitle = {ACM ICN},
    year = {2014},
}  


@incollection{psaras12networking,
    author={Chai, W. and He, D. and Psaras, I. and Pavlou, G.},
    title={Cache “Less for More” in Information-Centric Networks},
    booktitle={IFIP NETWORKING},
    year={2012},
    volume={7289},
    pages={27-40}
}

@inproceedings{laoutaris04icpcc,
    author = {Laoutaris, Nikolaos and Syntila, Sofia and Stavrakakis, Ioannis},
    booktitle = {IEEE ICPCC},
    title = {{Meta Algorithms for Hierarchical Web Caches}},
    year = {2004}
}

@inproceedings{martina14infocom, 
author={V. Martina and M. Garetto and E. Leonardi}, 
booktitle={Proc. of IEEE INFOCOM}, 
title={A unified approach to the performance analysis of caching systems}, 
year={2014}, 
month={Apr.}
}

@article{traverso13ccr,
 author = {S. Traverso \mbox{et al}},
 title = {Temporal Locality in Today's Content Caching: Why It Matters and How to Model It},
 journal = {SIGCOMM Comput. Commun. Rev.},
 volume = {43},
 number = {5},
 month = {Nov.},
 year = {2013},
 pages = {5--12}
}

@inproceedings{garetto15infocom, 
author={M. Garetto and E. Leonardi and S. Traverso}, 
booktitle={Proc. of IEEE INFOCOM}, 
title={Efficient Analysis of Caching Strategies Under Dynamic Content Popularity}, 
year={2015}, 
month={Apr.}
}

@article{Hormann:96,
author = {W. H\"{o}rmann and G. Derflinger},
title = {Rejection-inversion to Generate Variates from Monotone Discrete Distributions},
journal = {ACM Trans. Model. Comput. Simul.},
volume = {6},
number = {3},
month = {Jul.},
year = {1996},
pages = {169--184}
}

@online{rejInvSampling,
title={{Zipf distributed random number generator }},
howpublished={\url{https://github.com/apache/commons-math/blob/master/src/main/java/org/apache/commons/math4/distribution/ZipfDistribution.java}}
}

@misc{techrep_modelgraft,
  title={ModelGraft: Accurate, Scalable, and Flexible Performance Evaluation of General Cache Networks},
  author={M. Tortelli and D. Rossi and E. Leonardi},
  howpublished={Telecom ParisTech Tech. Rep., \url{http://www.enst.fr/~drossi/paper/ModelGraft.pdf}},
  url = {http://www.enst.fr/~drossi/paper/ModelGraft.pdf},
  year = {2016},
  month = {Mar.}
}

@article{Traverso:15,
title = {{Unraveling the Impact of Temporal and Geographical Locality in Content 
     Caching Systems}},
journal = {IEEE Transactions on Multimedia},
volume = {17},
issue = {10},
year = {2015},
pages = {1839-1854},
author = {S. \mbox{Traverso} et al.}
}

@inproceedings{Rossini:2014,
title={Coupling caching and forwarding: Benefits, analysis, and implementation},
author={G. Rossini and D. Rossi},
booktitle={Proc. of ACM ICN},
month={Sep.},
year={2014}
}

@inproceedings{arianfar10rearch,
author = {Arianfar, Somaya and Nikander, Pekka},
title = {{Packet-level Caching for Information-centric Networking}},
booktitle = {ACM SIGCOMM, ReArch Workshop},
year = {2010}
}

@article{tortelli-comnet:17,
 author = {M. Tortelli and D. Rossi and E. Leonardi},
 title = {A Hybrid Methodology for the Performance Evaluation of Internet-scale Cache Networks},
 journal = {Elsevier Computer Networks, Special Issue on Softwarization and Caching in NGN},
 volume = {},
 number = {},
 month = {},
 year = {2017},
 doi = {10.1016/j.comnet.2017.04.006}
}

@article{Rossini:13,
 author = {G. Rossini and D. Rossi},
 title = {{Evaluating CCN Multi-path Interest Forwarding Strategies}},
 journal = {Comput. Commun.},
 issue_date = {April, 2013},
 volume = {36},
 number = {7},
 month = {Apr.},
 year = {2013},
 pages = {771--778}
 }

 @article{Araldo:15TPDPS,
  author = {Araldo, A. and Rossi, D. and Martignon, F.},
  journal = {IEEE Transactions on Parallel and Distributed Systems, },
  title = {Cost-aware caching: Caching more (costly items) for less (ISPs operational expenditures)},
  year = {2015},
  month = {},
}

@inproceedings{CCDWN:16,
author={
Giovanna Carofiglio and Leonce Mekinda  and Luca Muscariello.},
title={Analysis of latency-aware caching strategies in information-centric networking.},
booktitle={ACM CoNEXT Workshop on Content Caching and Delivery in Wireless Networks (CCDWN '16)},
year={2016}
}

@article{wang02jsac_hierarchical,
  title={Hierarchical web caching systems: Modeling, design and experimental results},
  author={Che, H. and Tung, Y. and Wang, Z.},
  journal={IEEE JSAC},
  volume={20},
  number={7},
  pages={1305--1314},
  year={2002},
  publisher={IEEE}
}

@INPROCEEDINGS{Fricker:12, 
author={C. Fricker and P. Robert and J. Roberts}, 
booktitle={{Proc. of ITC24}}, 
title={{A versatile and accurate approximation for LRU cache performance}}, 
year={2012}, 
month={Sep.}
}

@online{ccnSim,
    title="ccnSim Website",
    howpublished="\url{http://perso.telecom-paristech.fr/~drossi/ccnSim}",
}

@article{ewing:99,
title = {Akaroa-2: Exploiting network computing by distributing stochastic simulation},
author = {G. Ewing and K. Pawlikowski and D. McNickle},
journal = {SCSI Press},
volume = {},
number = {},
year = {1999},
month = {}
}

@online{AkaroaPrj,
title={{Akaroa Project Website}},
howpublished={\url{https://akaroa.canterbury.ac.nz/akaroa/}}
}
